@ARTICLE{webster2006merriam,
  title={Merriam-Webster online dictionary},
  author={Webster, Merriam},
  year={2006}
}

@article{chowdary2014evaluating,
  title={Evaluating and Analyzing Clusters in Data Mining using Different Algorithms},
  author={Chowdary, N Sunil and Prasanna, D Sri Lakshmi and Sudhakar, P},
  year={2014}
}


@inproceedings{guha1998cure,
  title={CURE: an efficient clustering algorithm for large databases},
  author={Guha, Sudipto and Rastogi, Rajeev and Shim, Kyuseok},
  booktitle={ACM SIGMOD Record},
  volume={27},
  number={2},
  pages={73--84},
  year={1998},
  organization={ACM}
}

@book{gan2007data,
  title={Data clustering: theory, algorithms, and applications},
  author={Gan, Guojun and Ma, Chaoqun and Wu, Jianhong},
  volume={20},
  year={2007},
  publisher={Siam}
}

@book{wang2006encyclopedia,
  title={Encyclopedia of data warehousing and mining},
  author={Wang, John},
  year={2006},
  publisher={IGI Global}
}


@incollection{mahajan2009planar,
  title={The planar k-means problem is NP-hard},
  author={Mahajan, Meena and Nimbhorkar, Prajakta and Varadarajan, Kasturi},
  booktitle={WALCOM: Algorithms and Computation},
  pages={274--285},
  year={2009},
  publisher={Springer}
}

@article{lloyd1982least,
  title={Least squares quantization in PCM},
  author={Lloyd, Stuart},
  journal={Information Theory, IEEE Transactions on},
  volume={28},
  number={2},
  pages={129--137},
  year={1982},
  publisher={IEEE}
}

@inproceedings{macqueen1967some,
  title={Some methods for classification and analysis of multivariate observations},
  author={MacQueen, James and others},
  booktitle={Proceedings of the fifth Berkeley symposium on mathematical statistics and probability},
  volume={1},
  number={14},
  pages={281--297},
  year={1967},
  organization={California, USA}
}


@inproceedings{dong2009k,
  title={K-means Optimization Algorithm for Solving Clustering Problem},
  author={Dong, Jinxin and Qi, Minyong},
  booktitle={Knowledge Discovery and Data Mining, 2009. WKDD 2009. Second International Workshop on},
  pages={52--55},
  year={2009},
  organization={IEEE}
}

@inproceedings{ester1996density,
  title={A density-based algorithm for discovering clusters in large spatial databases with noise.},
  author={Ester, Martin and Kriegel, Hans-Peter and Sander, J{\"o}rg and Xu, Xiaowei},
  booktitle={Kdd},
  volume={96},
  pages={226--231},
  year={1996}
}

@article{Halkidi:2002:CVM:565117.565124,
 author = {Halkidi, Maria and Batistakis, Yannis and Vazirgiannis, Michalis},
 title = {Cluster Validity Methods: Part I},
 journal = {SIGMOD Rec.},
 issue_date = {June 2002},
 volume = {31},
 number = {2},
 month = jun,
 year = {2002},
 issn = {0163-5808},
 pages = {40--45},
 numpages = {6},
 url = {http://doi.acm.org/10.1145/565117.565124},
 doi = {10.1145/565117.565124},
 acmid = {565124},
 publisher = {ACM},
 address = {New York, NY, USA},
} 

@article{Halkidi:2002:CVC:601858.601862,
 author = {Halkidi, Maria and Batistakis, Yannis and Vazirgiannis, Michalis},
 title = {Clustering Validity Checking Methods: Part II},
 journal = {SIGMOD Rec.},
 issue_date = {September 2002},
 volume = {31},
 number = {3},
 month = sep,
 year = {2002},
 issn = {0163-5808},
 pages = {19--27},
 numpages = {9},
 url = {http://doi.acm.org/10.1145/601858.601862},
 doi = {10.1145/601858.601862},
 acmid = {601862},
 publisher = {ACM},
 address = {New York, NY, USA},
 keywords = {clustering validation, pattern discovery, unsupervised learning},
} 

@article{bezdek1998some,
  title={Some new indexes of cluster validity},
  author={Bezdek, James C and Pal, Nikhil R},
  journal={Systems, Man, and Cybernetics, Part B: Cybernetics, IEEE Transactions on},
  volume={28},
  number={3},
  pages={301--315},
  year={1998},
  publisher={IEEE}
}

@article{milligan1981monte,
  title={A monte carlo study of thirty internal criterion measures for cluster analysis},
  author={Milligan, Glenn W},
  journal={Psychometrika},
  volume={46},
  number={2},
  pages={187--199},
  year={1981},
  publisher={Springer}
}

@inproceedings{haralick1985image,
  title={Image segmentation techniques},
  author={Haralick, Robert M and Shapiro, Linda G},
  booktitle={1985 Technical Symposium East},
  pages={2--9},
  year={1985},
  organization={International Society for Optics and Photonics}
}

@article{scheunders1997comparison,
  title={A comparison of clustering algorithms applied to color image quantization},
  author={Scheunders, Paul},
  journal={Pattern Recognition Letters},
  volume={18},
  number={11},
  pages={1379--1384},
  year={1997},
  publisher={Elsevier}
}

@article{jain1981image,
  title={Image data compression: A review},
  author={Jain, Anil},
  journal={Proceedings of the IEEE},
  volume={69},
  number={3},
  pages={349--389},
  year={1981},
  publisher={IEEE}
}

@article{lowe2004distinctive,
  title={Distinctive image features from scale-invariant keypoints},
  author={Lowe, David G},
  journal={International journal of computer vision},
  volume={60},
  number={2},
  pages={91--110},
  year={2004},
  publisher={Springer}
}

@article{lu1995machine,
  title={Machine printed character segmentationâ€”; An overview},
  author={Lu, Yi},
  journal={Pattern Recognition},
  volume={28},
  number={1},
  pages={67--80},
  year={1995},
  publisher={Elsevier}
}

@article{yin2009handwritten,
  title={Handwritten Chinese text line segmentation by clustering with distance metric learning},
  author={Yin, Fei and Liu, Cheng-Lin},
  journal={Pattern Recognition},
  volume={42},
  number={12},
  pages={3146--3157},
  year={2009},
  publisher={Elsevier}
}

@article{jardine1971use,
  title={The use of hierarchic clustering in information retrieval},
  author={Jardine, Nick and van Rijsbergen, Cornelis Joost},
  journal={Information storage and retrieval},
  volume={7},
  number={5},
  pages={217--240},
  year={1971},
  publisher={Elsevier}
}

@article{willett1988recent,
  title={Recent trends in hierarchic document clustering: a critical review},
  author={Willett, Peter},
  journal={Information Processing \& Management},
  volume={24},
  number={5},
  pages={577--597},
  year={1988},
  publisher={Elsevier}
}

@inproceedings{cutting1992scatter,
  title={Scatter/gather: A cluster-based approach to browsing large document collections},
  author={Cutting, Douglass R and Karger, David R and Pedersen, Jan O and Tukey, John W},
  booktitle={Proceedings of the 15th annual international ACM SIGIR conference on Research and development in information retrieval},
  pages={318--329},
  year={1992},
  organization={ACM}
}

@inproceedings{steinbach2000comparison,
  title={A comparison of document clustering techniques},
  author={Steinbach, Michael and Karypis, George and Kumar, Vipin and others},
  booktitle={KDD workshop on text mining},
  volume={400},
  number={1},
  pages={525--526},
  year={2000},
  organization={Boston}
}

@inproceedings{lin1998automatic,
  title={Automatic retrieval and clustering of similar words},
  author={Lin, Dekang},
  booktitle={Proceedings of the 17th international conference on Computational linguistics-Volume 2},
  pages={768--774},
  year={1998},
  organization={Association for Computational Linguistics}
}