@book {webster2006merriam,
  title={Merriam-Webster online dictionary},
  author={Merriam-Webster Inc.},
  publisher={Merriam-Webster},
  year={2006},
  url={http://www.merriam-webster.com/dictionary/cluster%20analysis}
}

@article{jain2012survey,
  title={Survey of Recent Clustering Techniques in Data Mining.},
  author={Jain, Anoop Kumar and Maheswari, Satyam},
  journal={International Archive of Applied Sciences \& Technology},
  volume={3},
  number={2},
  year={2012}
}

@inproceedings{guha1998cure,
  title={CURE: an efficient clustering algorithm for large databases},
  author={Guha, Sudipto and Rastogi, Rajeev and Shim, Kyuseok},
  booktitle={ACM SIGMOD Record},
  volume={27},
  number={2},
  pages={73--84},
  year={1998},
  organization={ACM}
}

@inproceedings{guha1999rock,
  title={ROCK: A robust clustering algorithm for categorical attributes},
  author={Guha, Sudipto and Rastogi, Rajeev and Shim, Kyuseok},
  booktitle={Data Engineering, 1999. Proceedings., 15th International Conference on},
  pages={512--521},
  year={1999},
  organization={IEEE}
}


@book{gan2007data,
  title={Data clustering: theory, algorithms, and applications},
  author={Gan, Guojun and Ma, Chaoqun and Wu, Jianhong},
  volume={20},
  year={2007},
  publisher={Siam}
}

@book{wang2006encyclopedia,
  title={Encyclopedia of data warehousing and mining},
  author={Wang, John},
  year={2006},
  publisher={IGI Global}
}

@incollection{mahajan2009planar,
  title={The planar k-means problem is NP-hard},
  author={Mahajan, Meena and Nimbhorkar, Prajakta and Varadarajan, Kasturi},
  booktitle={WALCOM: Algorithms and Computation},
  pages={274--285},
  year={2009},
  publisher={Springer}
}

@article{lloyd1982least,
  title={Least squares quantization in PCM},
  author={Lloyd, Stuart},
  journal={Information Theory, IEEE Transactions on},
  volume={28},
  number={2},
  pages={129--137},
  year={1982},
  publisher={IEEE}
}

@inproceedings{macqueen1967some,
  title={Some methods for classification and analysis of multivariate observations},
  author={MacQueen, James and others},
  booktitle={Proceedings of the fifth Berkeley symposium on mathematical statistics and probability},
  volume={1},
  number={14},
  pages={281--297},
  year={1967},
  organization={California, USA}
}


@inproceedings{dong2009k,
  title={K-means Optimization Algorithm for Solving Clustering Problem},
  author={Dong, Jinxin and Qi, Minyong},
  booktitle={Knowledge Discovery and Data Mining, 2009. WKDD 2009. Second International Workshop on},
  pages={52--55},
  year={2009},
  organization={IEEE}
}

@inproceedings{ester1996density,
  title={A density-based algorithm for discovering clusters in large spatial databases with noise.},
  author={Ester, Martin and Kriegel, Hans-Peter and Sander, J{\"o}rg and Xu, Xiaowei},
  booktitle={Kdd},
  volume={96},
  pages={226--231},
  year={1996}
}

@article{Halkidi:2002:CVM:565117.565124,
 author = {Halkidi, Maria and Batistakis, Yannis and Vazirgiannis, Michalis},
 title = {Cluster Validity Methods: Part I},
 journal = {SIGMOD Rec.},
 issue_date = {June 2002},
 volume = {31},
 number = {2},
 month = jun,
 year = {2002},
 issn = {0163-5808},
 pages = {40--45},
 numpages = {6},
 doi = {10.1145/565117.565124},
 acmid = {565124},
 publisher = {ACM},
 address = {New York, NY, USA},
} 

@article{Halkidi:2002:CVC:601858.601862,
 author = {Halkidi, Maria and Batistakis, Yannis and Vazirgiannis, Michalis},
 title = {Clustering Validity Checking Methods: Part II},
 journal = {SIGMOD Rec.},
 issue_date = {September 2002},
 volume = {31},
 number = {3},
 month = sep,
 year = {2002},
 issn = {0163-5808},
 pages = {19--27},
 numpages = {9},
 doi = {10.1145/601858.601862},
 acmid = {601862},
 publisher = {ACM},
 address = {New York, NY, USA},
 keywords = {clustering validation, pattern discovery, unsupervised learning},
} 

@article{bezdek1998some,
  title={Some new indexes of cluster validity},
  author={Bezdek, James C and Pal, Nikhil R},
  journal={Systems, Man, and Cybernetics, Part B: Cybernetics, IEEE Transactions on},
  volume={28},
  number={3},
  pages={301--315},
  year={1998},
  publisher={IEEE}
}

@article{milligan1981monte,
  title={A monte carlo study of thirty internal criterion measures for cluster analysis},
  author={Milligan, Glenn W},
  journal={Psychometrika},
  volume={46},
  number={2},
  pages={187--199},
  year={1981},
  publisher={Springer}
}

@inproceedings{haralick1985image,
  title={Image segmentation techniques},
  author={Haralick, Robert M and Shapiro, Linda G},
  booktitle={1985 Technical Symposium East},
  pages={2--9},
  year={1985},
  organization={International Society for Optics and Photonics}
}

@article{scheunders1997comparison,
  title={A comparison of clustering algorithms applied to color image quantization},
  author={Scheunders, Paul},
  journal={Pattern Recognition Letters},
  volume={18},
  number={11},
  pages={1379--1384},
  year={1997},
  publisher={Elsevier}
}

@article{jain1981image,
  title={Image data compression: A review},
  author={Jain, Anil},
  journal={Proceedings of the IEEE},
  volume={69},
  number={3},
  pages={349--389},
  year={1981},
  publisher={IEEE}
}

@article{lowe2004distinctive,
  title={Distinctive image features from scale-invariant keypoints},
  author={Lowe, David G},
  journal={International journal of computer vision},
  volume={60},
  number={2},
  pages={91--110},
  year={2004},
  publisher={Springer}
}

@article{lu1995machine,
  title={Machine printed character segmentationâ€”; An overview},
  author={Lu, Yi},
  journal={Pattern Recognition},
  volume={28},
  number={1},
  pages={67--80},
  year={1995},
  publisher={Elsevier}
}

@article{yin2009handwritten,
  title={Handwritten Chinese text line segmentation by clustering with distance metric learning},
  author={Yin, Fei and Liu, Cheng-Lin},
  journal={Pattern Recognition},
  volume={42},
  number={12},
  pages={3146--3157},
  year={2009},
  publisher={Elsevier}
}

@article{jardine1971use,
  title={The use of hierarchic clustering in information retrieval},
  author={Jardine, Nick and van Rijsbergen, Cornelis Joost},
  journal={Information storage and retrieval},
  volume={7},
  number={5},
  pages={217--240},
  year={1971},
  publisher={Elsevier}
}

@article{willett1988recent,
  title={Recent trends in hierarchic document clustering: a critical review},
  author={Willett, Peter},
  journal={Information Processing \& Management},
  volume={24},
  number={5},
  pages={577--597},
  year={1988},
  publisher={Elsevier}
}

@inproceedings{cutting1992scatter,
  title={Scatter/gather: A cluster-based approach to browsing large document collections},
  author={Cutting, Douglass R and Karger, David R and Pedersen, Jan O and Tukey, John W},
  booktitle={Proceedings of the 15th annual international ACM SIGIR conference on Research and development in information retrieval},
  pages={318--329},
  year={1992},
  organization={ACM}
}

@inproceedings{steinbach2000comparison,
  title={A comparison of document clustering techniques},
  author={Steinbach, Michael and Karypis, George and Kumar, Vipin and others},
  booktitle={KDD workshop on text mining},
  volume={400},
  number={1},
  pages={525--526},
  year={2000},
  organization={Boston}
}

@inproceedings{lin1998automatic,
  title={Automatic retrieval and clustering of similar words},
  author={Lin, Dekang},
  booktitle={Proceedings of the 17th international conference on Computational linguistics-Volume 2},
  pages={768--774},
  year={1998},
  organization={Association for Computational Linguistics}
}

@article{defays1977efficient,
  title={An efficient algorithm for a complete link method},
  author={Defays, Daniel},
  journal={The Computer Journal},
  volume={20},
  number={4},
  pages={364--366},
  year={1977},
  publisher={Br Computer Soc}
}

@article{sibson1973slink,
  title={SLINK: an optimally efficient algorithm for the single-link cluster method},
  author={Sibson, Robin},
  journal={The Computer Journal},
  volume={16},
  number={1},
  pages={30--34},
  year={1973},
  publisher={Br Computer Soc}
}

@inproceedings{clarkson1999unsupervised,
  title={Unsupervised clustering of ambulatory audio and video},
  author={Clarkson, Brian and Pentland, Alex},
  booktitle={Acoustics, Speech, and Signal Processing, 1999. Proceedings., 1999 IEEE International Conference on},
  volume={6},
  pages={3037--3040},
  year={1999},
  organization={IEEE}
}

@article{liu1998audio,
  title={Audio feature extraction and analysis for scene segmentation and classification},
  author={Liu, Zhu and Wang, Yao and Chen, Tsuhan},
  journal={Journal of VLSI signal processing systems for signal, image and video technology},
  volume={20},
  number={1-2},
  pages={61--79},
  year={1998},
  publisher={Springer}
}

@article{brin1998anatomy,
  title={The anatomy of a large-scale hypertextual Web search engine},
  author={Brin, Sergey and Page, Lawrence},
  journal={Computer networks and ISDN systems},
  volume={30},
  number={1},
  pages={107--117},
  year={1998},
  publisher={Elsevier}
}

@inproceedings{weiss1996hypursuit,
  title={HyPursuit: A hierarchical network search engine that exploits content-link hypertext clustering},
  author={Weiss, Ron and V{\'e}lez, Bienvenido and Sheldon, Mark A},
  booktitle={Proceedings of the the seventh ACM conference on Hypertext},
  pages={180--193},
  year={1996},
  organization={ACM}
}

@inproceedings{zhang1996birch,
  title={BIRCH: an efficient data clustering method for very large databases},
  author={Zhang, Tian and Ramakrishnan, Raghu and Livny, Miron},
  booktitle={ACM SIGMOD Record},
  volume={25},
  number={2},
  pages={103--114},
  year={1996},
  organization={ACM}
}

@article{karypis1999chameleon,
  title={Chameleon: Hierarchical clustering using dynamic modeling},
  author={Karypis, George and Han, Eui-Hong and Kumar, Vipin},
  journal={Computer},
  volume={32},
  number={8},
  pages={68--75},
  year={1999},
  publisher={IEEE}
}

@inbook{kaufman2009finding,
  title={Finding groups in data: an introduction to cluster analysis},
  author={Kaufman, Leonard and Rousseeuw, Peter J},
  volume={344},
  year={2009},
  publisher={John Wiley \& Sons},
  chapter={Divisive Analysis Program DIANA}
}


@article{sander1998density,
  title={Density-based clustering in spatial databases: The algorithm gdbscan and its applications},
  author={Sander, J{\"o}rg and Ester, Martin and Kriegel, Hans-Peter and Xu, Xiaowei},
  journal={Data mining and knowledge discovery},
  volume={2},
  number={2},
  pages={169--194},
  year={1998},
  publisher={Springer}
}


@incollection{xu2002fast,
  title={A fast parallel clustering algorithm for large spatial databases},
  author={Xu, Xiaowei and J{\"a}ger, Jochen and Kriegel, Hans-Peter},
  booktitle={High Performance Data Mining},
  pages={263--290},
  year={2002},
  publisher={Springer}
}

@inproceedings{ester1998incremental,
  title={Incremental clustering for mining in a data warehousing environment},
  author={Ester, Martin and Kriegel, Hans-Peter and Sander, J{\"o}rg and Wimmer, Michael and Xu, Xiaowei},
  booktitle={VLDB},
  volume={98},
  pages={323--333},
  year={1998}
}

@inproceedings{cao2006density,
  title={Density-Based Clustering over an Evolving Data Stream with Noise.},
  author={Cao, Feng and Ester, Martin and Qian, Weining and Zhou, Aoying},
  booktitle={SDM},
  volume={6},
  pages={326--337},
  year={2006},
  organization={SIAM}
}

@inproceedings{dash20011+,
  title={'1+ 1> 2': merging distance and density based clustering},
  author={Dash, Manoranjan and Liu, Huan and Xu, Xiaowei},
  booktitle={Database Systems for Advanced Applications, 2001. Proceedings. Seventh International Conference on},
  pages={32--39},
  year={2001},
  organization={IEEE}
}

@inproceedings{xu1998distribution,
  title={A distribution-based clustering algorithm for mining in large spatial databases},
  author={Xu, Xiaowei and Ester, Martin and Kriegel, H-P and Sander, J{\"o}rg},
  booktitle={Data Engineering, 1998. Proceedings., 14th International Conference on},
  pages={324--331},
  year={1998},
  organization={IEEE}
}

@inproceedings{hinneburg1998efficient,
  title={An efficient approach to clustering in large multimedia databases with noise},
  author={Hinneburg, Alexander and Keim, Daniel A},
  booktitle={KDD},
  volume={98},
  pages={58--65},
  year={1998}
}

@article{kanungo2002efficient,
  title={An efficient k-means clustering algorithm: Analysis and implementation},
  author={Kanungo, Tapas and Mount, David M and Netanyahu, Nathan S and Piatko, Christine D and Silverman, Ruth and Wu, Angela Y},
  journal={Pattern Analysis and Machine Intelligence, IEEE Transactions on},
  volume={24},
  number={7},
  pages={881--892},
  year={2002},
  publisher={IEEE}
}

@inproceedings{arthur2007k,
  title={k-means++: The advantages of careful seeding},
  author={Arthur, David and Vassilvitskii, Sergei},
  booktitle={Proceedings of the eighteenth annual ACM-SIAM symposium on Discrete algorithms},
  pages={1027--1035},
  year={2007},
  organization={Society for Industrial and Applied Mathematics}
}

@article{huang1998extensions,
  title={Extensions to the k-means algorithm for clustering large data sets with categorical values},
  author={Huang, Zhexue},
  journal={Data mining and knowledge discovery},
  volume={2},
  number={3},
  pages={283--304},
  year={1998},
  publisher={Springer}
}

@article{bezdek1984fcm,
  title={FCM: The fuzzy< i> c</i>-means clustering algorithm},
  author={Bezdek, James C and Ehrlich, Robert and Full, William},
  journal={Computers \& Geosciences},
  volume={10},
  number={2},
  pages={191--203},
  year={1984},
  publisher={Elsevier}
}
